@book{chacon2014progit,
  title={Pro Git},
  author={Chacon, Scott and Straub, Ben},
  year={2014},
  publisher={Apress}
}
@misc{chef-docs,
      author = "Chef Inc.",
      title = "Chef Documentation",
	    howpublished = {Available: \url{https://docs.chef.io/}}
}
